<?xml version="1.0" encoding="UTF-8"?><record xmlns="http://www.loc.gov/MARC21/slim" xmlns:cinclude="http://apache.org/cocoon/include/1.0" xmlns:zs="http://www.loc.gov/zing/srw/">
  <leader>00588cz  a2200145n  4500</leader>
  <controlfield tag="001">n  82145130 </controlfield>
  <controlfield tag="003">DLC</controlfield>
  <controlfield tag="005">19840529144040.9</controlfield>
  <controlfield tag="008">821026n| acannaab|          |a aaa |||  </controlfield>
  <datafield tag="010" ind1=" " ind2=" ">
    <subfield code="a">n  82145130 </subfield>
  </datafield>
  <datafield tag="040" ind1=" " ind2=" ">
    <subfield code="a">DLC</subfield>
    <subfield code="c">DLC</subfield>
    <subfield code="d">DLC</subfield>
  </datafield>
  <datafield tag="100" ind1="1" ind2="0">
    <subfield code="a">Veṅkaṭasvāmi, En.</subfield>
  </datafield>
  <datafield tag="400" ind1="1" ind2="0">
    <subfield code="a">Venkataswamy, N.</subfield>
  </datafield>
  <datafield tag="670" ind1=" " ind2=" ">
    <subfield code="a">HPātikēḷḷa Āndhrapradēś, 1981 (a.e.)</subfield>
    <subfield code="b">t.p. (En. Veṅkaṭasvāmi)</subfield>
  </datafield>
  <datafield tag="670" ind1=" " ind2=" ">
    <subfield code="a">Ramachandra Pillai, P. General and technical education in Andhra Pradesh, 1981:</subfield>
    <subfield code="b">t.p. (Sri N. Venkataswamy, M.A., M. Ed., secretary, Board of Intermediate Education, Andhra Pradesh, Hyderabad)</subfield>
  </datafield>
</record>